@Misc{fuelBand,
OPTkey = {key},
author = {Nike},
title = {Nike+ Fuelband},
howpublished = {\url{http://www.nike.com/us/en_us/lp/nikeplus-fuelband}},
OPTmonth = {month},
OPTyear = {year},
note = {Accessed February 2013},
OPTannote = {annote},
}

@Misc{miCoach,
OPTkey = {key},
author = {Adidas},
title = {miCoach},
howpublished = {
http://www.adidas.com/us/micoach/ui/Product/#!/speed_cell},
OPTmonth = {month},
OPTyear = {year},
note = {Accessed Febraury 2013},
OPTannote = {annote},
}

@Misc{fitBit,
OPTkey = {key},
author = {Fitbit},
title = {Fitbit Homepage},
howpublished = {http://www.fitbit.com/},
OPTmonth = {month},
OPTyear = {year},
note = {Accessed February 2013},
OPTannote = {annote},
}

@Misc{activPal,
OPTkey = {key},
author = {PALtechnologies},
OPTtitle = {ActivPal},
howpublished = {http://www.paltech.plus.com/products.htm#activpal},
OPTmonth = {month},
OPTyear = {year},
note = {Accessed February 2013},
OPTannote = {annote},
}

@Article{sedentaryTime,
author = {Healy, Genevieve N. and Katrien Wijndaele and Dunstan, David W. and Shaw, Jonathan E. and Jo Salmon and Zimmet, Paul Z. and Nevill Owen},
title = {Objectively Measured Sedentary Time, Physical Activity, and Metabolic Risk},
journal = {Diabetes Care},
year = {2008},
OPTkey = {key},
volume = {31},
number = {2},
pages = {369-371},
month = {February},
OPTnote = {note},
OPTannote = {annote},
}

@Article{breaksSedentary,
author = {Healy, Genevieve N. and Dunstan, David W. and Jo Salmon and Ester Cerin and Shaw, Jonathan E. and Zimmet, Paul Z. and Neville Owen},
title = {Breaks in Sedentary Time},
journal = {Diabetes Care},
year = {2008},
OPTkey = {key},
volume = {31},
number = {4},
pages = {661-666},
month = {April},
OPTnote = {note},
OPTannote = {annote},
}

@Article{sedentaryActivity,
author = {Andrea Bankoski and Harris, Tamara B. and Mclain, James J. and Brychta, Robert J. and Caserotti, Paolo and Chen, Kong Y. David Berrigan and Troiano, Richard P. and Annemarie Koster},
title = {Sedentary Activity Associated With Metabolic Syndrome Independent of Physical Activity},
journal = {Diabetes Care},
year = {2011},
OPTkey = {key},
volume = {34},
number = {2},
pages = {497-503},
month = {February},
OPTnote = {note},
OPTannote = {annote},
}

@Misc{eldreEksplosjon,
OPTkey = {key},
author = {Statistics Norway},
title = {Eldre-eksplosjon etter 2010},
howpublished = {\url{http://www.ssb.no/emner/00/02/sa_seniorer/sa32/}},
month = {September},
year = {1999},
note = {Accessed February 2013},
OPTannote = {annote},
}

@Misc{elder,
OPTkey = {key},
author = {Norwegian Institute of Public Health},
title = {Eldre - andelen over 65 år i befolkningen},
howpublished = {\url{http://www.fhi.no/eway/default.aspx?pid=233&trg=MainLeft_6039&MainArea_5661=6039:0:15,4576:1:0:0:::0:0&MainLeft_6039=6041:70828::1:6043:8:::0:0}},
month = {August},
year = {2008},
note = {Accessed February 2013},
annote = {Updated August 2012},
}


@Article{sedentaryBehaviour,
author = {Neville Owen and Sparling, Phillip B. and Healy, Geneviève N. and Dunstan, David W. and Matthews, Charles E. },
title = {Sedentary Behavior: Emerging Evidence for a New Health Risk},
journal = {Mayo Clin Proc.},
year = {2010},
OPTkey = {key},
volume = {85},
number = {12},
pages = {1138-1141},
month = {December},
OPTnote = {note},
OPTannote = {annote},
}

@Misc{haagen,
OPTkey = {key},
author = {NOU 2011: 11},
title = {Innovasjon i omsorg},
OPThowpublished = {howpublished},
month = {Juni},
year = {2011},
OPTnote = {note},
OPTannote = {annote},
}

@Misc{kmd,
OPTkey = {key},
author = {KMD Analyse},
title = {Digitalisering af ældreplejen - Potentialer og holdninger},
OPThowpublished = {howpublished},
OPTmonth = {month},
year = {2010},
OPTnote = {note},
OPTannote = {annote},
}

@Misc{globalBurden,
OPTkey = {key},
author = {Lancet},
title = {Global Burden of Disease Study 2010},
howpublished = {\url{http://www.thelancet.com/themed/global-burden-of-disease}},
month = {December},
year = {2012},
note = {Accessed February 2012},
OPTannote = {annote},
}

@Article{analyzeActivity,
author = {Grant, Margaret P. and Granat, Malcom H. and Thow, Morag K. and Maclaren, William M.},
title = {Analyzing Free-Living Physical Activity of Older Adults in Different Environments Using Body-Worn Activity Monitors},
journal = {Journal of Aging and Physical Activity},
year = {2010},
OPTkey = {key},
OPTvolume = {volume},
OPTnumber = {number},
pages = {171-184},
OPTmonth = {month},
OPTnote = {note},
OPTannote = {annote},
}

@Misc{quantifiedSelf,
OPTkey = {key},
author = {Alexandra Carmichael and Kevin Kelly and Gary Wolf},
title = {Quantified Self},
howpublished = {\url{http://quantifiedself.com/}},
OPTmonth = {month},
OPTyear = {year},
note = {Accessed February 2012},
OPTannote = {annote},
}

@Misc{bodyHackers,
OPTkey = {key},
author = {April Dembosky},
title = {Invasion of the body hackers},
howpublished = {\url{http://www.ft.com/cms/s/2/3ccb11a0-923b-11e0-9e00-00144feab49a.html#axzz2Ksd6fkNw}},
OPTmonth = {month},
year = {2011},
OPTnote = {note},
OPTannote = {annote},
}

@Misc{nikefuel,
OPTkey = {key},
author = {Nike},
title = {What is Nikefuel?},
howpublished = {\url{http://nikeplus.nike.com/plus/what_is_fuel/}},
OPTmonth = {month},
OPTyear = {year},
note = {Accessed February 2013},
OPTannote = {annote},
}

@Misc{fuelbandTechSpce,
OPTkey = {key},
author = {Alec Wiese},
title = {Nike+ Fuelband Review},
howpublished = {\url{http://techspce.com/home/2012/06/20/nike-fuelband-review/}},
month = {June},
year = {2012},
note = {Accessed February 2013},
OPTannote = {annote},
}

@Misc{fuelbandDcRain,
OPTkey = {key},
OPTauthor = {author},
title = {Nike+ FuelBand In-Depth Review},
OPThowpublished = {\url{http://www.dcrainmaker.com/2012/08/nike-fuelband-in-depth-review.html}},
month = {August},
year = {2012},
note = {Accessed February 2013},
OPTannote = {annote}
}

@Article{grant2006,
author = {Grant, P. M. and Ryan, C. G. and Tigbe, W. W. and Granat, M. H.},
title = {The validation of a novel activity monitor in the measurement of posture and motion during everyday activities},
journal = {British Journal of Sports Medicine},
year = {2006},
OPTkey = {key},
volume = {40},
number = {12},
pages = {992--997},
month = {December},
OPTnote = {note},
OPTannote = {annote},
}



@Article{grant2008,
title={Activity-monitor accuracy in measuring step number and cadence in community-dwelling older adults.},
author={Grant, P.M. and Dall, P.M. and Mitchell, S.L. and Granat, M.H.},
journal={Journal of Aging and Physical Activity},
volume={16},
number={2},
pages={201-214},
year={2008}
}

@article{tsavourelou,
	author={Tsavourelou Aphrodite and Rowe Philip and Babatsikou Fotoula and Koutis Charilaos},
	title={Validation of the activPAL in the health promotion context},
	journal={Health Science Journal},
	volume={3},
	number={2},
	year={2009},
	pages={105--114}
}

@article{grant2010,
	author={Margret Grant and melcom Granat and Morag Thow and William Maclaren},
	title ={Analyzing Free-Living Physical Activity of Older Adults in Different Environments Using Body-Worn Activity Monitors},
	journal={Journal of Aging and Physical Activtty},
	year={2010},
	volume={18},
	number={2},
	page={171--184}
}

@article{lord,
	author={Sue Lord and Sebastien Francois Martin Chastin and Lynn McInnes and Linda Little and Pam Briggs and Lynn Rochester},
	title = {Exploring patterns of daily physical and
sedentary behaviour in community-dwelling
older adults},
	journal={Age and Ageing},
	year={2011},
	volume={40},
	number={2},
	page={205--210}
}

@article{ryan2006,
    author = {Ryan, C. G. and Grant, P. M. and Tigbe, W. W. and Granat, M. H.},
    doi = {10.1136/bjsm.2006.027276},
    journal = {British Journal of Sports Medicine},
    month = sep,
    number = {9},
    pages = {779--784},
    title = {The validity and reliability of a novel activity monitor as a measure of walking},
    volume = {40},
    year = {2006}
}

@article{Ryan2010,
	title = "The relationship between psychological distress and free-living physical activity in individuals with chronic low back pain",
	journal = "Manual Therapy",
	volume = "15",
	number = "2",
	pages = "185--189",
	year = "2010",
	doi = "10.1016/j.math.2009.10.007",
	author = "Cormac G. Ryan and Heather G. Gray and Mary Newton and Malcolm H. Granat",
}

@Misc{nikeProducts,
OPTkey = {key},
OPTauthor = {Nike},
OPTtitle = {Nike+ Products},
howpublished = {\url{http://nikeplus.nike.com/plus/products/}},
OPTmonth = {month},
OPTyear = {year},
note = {Accessed February 2013},
OPTannote = {annote},
}

@Misc{fitbitZip,
OPTkey = {key},
author = {Fitbit},
title = {Fitbit Zip},
howpublished = {\url{http://www.fitbit.com/uk/zip}},
OPTmonth = {month},
OPTyear = {year},
note = {Accessed February 2013},
OPTannote = {annote},
}

@Misc{fitbit,
OPTkey = {key},
author = {Fitbit},
title = {Fitbit Homepage},
OPThowpublished = {\url{http://www.fitbit.com/uk/zipshed}},
OPTmonth = {month},
OPTyear = {year},
note = {Accessed Feruary 2013},
OPTannote = {annote},
}
