@Misc{fuelBand,
author = {Nike},
title = {Nike+ Fuelband},
howpublished = {\url{http://www.nike.com/us/en_us/lp/nikeplus-fuelband}},,
year = {Accessed February 2013},
}


@Misc{fitBit,
author = {Fitbit},
title = {Fitbit Homepage},
howpublished = {http://www.fitbit.com/},
year = {Accessed February 2013},
}

@Misc{activPal,
author = {PALtechnologies},
title = {ActivPal},
howpublished = {http://www.paltech.plus.com/products.htm#activpal},
year = {Accessed February 2013},
}

@Article{sedentaryTime,
author = {Healy, Genevieve N. and Katrien Wijndaele and Dunstan, David W. and Shaw, Jonathan E. and Jo Salmon and Zimmet, Paul Z. and Nevill Owen},
title = {Objectively Measured Sedentary Time, Physical Activity, and Metabolic Risk},
journal = {Diabetes Care},
year = {2008},
volume = {31},
number = {2},
pages = {369--371},
month = {February},
}

@Article{breaksSedentary,
author = {Healy, Genevieve N. and Dunstan, David W. and Jo Salmon and Ester Cerin and Shaw, Jonathan E. and Zimmet, Paul Z. and Neville Owen},
title = {Breaks in Sedentary Time},
journal = {Diabetes Care},
year = {2008},,
volume = {31},
number = {4},
pages = {661--666},
month = {April},
}

@Article{sedentaryActivity,
author = {Andrea Bankoski and Harris, Tamara B. and Mclain, James J. and Brychta, Robert J. and Caserotti, Paolo and Chen, Kong Y. David Berrigan and Troiano, Richard P. and Annemarie Koster},
title = {Sedentary Activity Associated With Metabolic Syndrome Independent of Physical Activity},
journal = {Diabetes Care},
year = {2011},
volume = {34},
number = {2},
pages = {497--503},
month = {February},
}

@Misc{elder,
author = {Norwegian Institute of Public Health},
title = {Andelen personer over 65 år i befolkningen},
howpublished = {\url{http://www.fhi.no/tema/eldres-helse/befolkning-over-65}},
year = {Accessed June 2013},
}

@TechReport{kmd,
author = {KMD},
title = {Digitalisering af ældreplejen},
institution = {Danmark: KMD},
year = {2010},
}

@TechReport{globalBurden,
author = {author},
title = {Global Burden of Disease Study 2010: },
institution = {institution},
year = {year},
OPTkey = {key},
OPTtype = {type},
OPTnumber = {number},
OPTaddress = {address},
OPTmonth = {month},
OPTnote = {note},
OPTannote = {annote},
}


@Misc{globalBurden,
OPTkey = {key},
author = {Lancet},
title = {Global Burden of Disease Study 2010},
howpublished = {\url{http://www.thelancet.com/themed/global-burden-of-disease}},
month = {December},
year = {2012},
note = {Accessed February 2013},
}

@Misc{quantifiedSelf,,
author = {Alexandra Carmichael and Kevin Kelly and Gary Wolf},
title = {Quantified Self},
howpublished = {\url{http://quantifiedself.com/}},
year = {Accessed February 2012},
}

@Misc{bodyHackers,
author = {April Dembosky},
title = {Invasion of the body hackers},
howpublished = {\url{http://www.ft.com/cms/s/2/3ccb11a0-923b-11e0-9e00-00144feab49a.html#axzz2Ksd6fkNw}},
year = {Accessed March 2013},
}

@Misc{nikefuel,
author = {Nike},
title = {What is Nikefuel?},
howpublished = {\url{http://nikeplus.nike.com/plus/what_is_fuel/}},
year = {Accessed February 2013},
}

@Misc{fuelbandTechSpce,
author = {Alec Wiese},
title = {Nike+ Fuelband Review},
howpublished = {\url{http://techspce.com/home/?p=989}},
year = {Accessed February 2013},
}

@Misc{fuelbandDcRain,
author = {Ray Maker},
title = {Nike+ FuelBand In-Depth Review},
OPThowpublished = {\url{http://www.dcrainmaker.com/2012/08/nike-fuelband-in-depth-review.html}},
year = {Accessed February 2013},
}

@Article{sedentaryBehaviour,
author = {Neville Owen and Sparling, Phillip B. and Healy, Geneviève N. and Dunstan, David W. and Matthews, Charles E. },
title = {Sedentary Behavior: Emerging Evidence for a New Health Risk},
journal = {Mayo Clin Proc.},
year = {2010},
volume = {85},
number = {12},
pages = {1138--1141},
month = {December},
}
@Article{grant2006,
author = {Grant, P. M. and Ryan, C. G. and Tigbe, W. W. and Granat, M. H.},
title = {The validation of a novel activity monitor in the measurement of posture and motion during everyday activities},
journal = {British Journal of Sports Medicine},
year = {2006},
volume = {40},
number = {12},
pages = {992--997},
month = {December},
}

@Article{grant2008,
author = {Grant, P.M. and Dall, P.M. and Mitchell, S.L. and Granat, M.H.},
title = {Activity-monitor accuracy in measuring step number and cadence in community-dwelling older adults.},
journal = {Journal of Aging and Physical Activity},
year = {2008},
volume = {16},
number = {2},
pages = {201--214},
month = {April},
}

@article{tsavourelou,
author = {Tsavourelou Aphrodite and Rowe Philip and Babatsikou Fotoula and Koutis Charilaos},
title = {Validation of the activPAL in the health promotion context},
journal = {Health Science Journal},
year = {2009},
volume = {3},
number = {2},
pages = {105--114},
month = {April},
}

@article{grant2010,
author = {Margret Grant and melcom Granat and Morag Thow and William Maclaren},
title = {Analyzing Free-Living Physical Activity of Older Adults in Different Environments Using Body-Worn Activity Monitors},
journal = {Journal of Aging and Physical Activtty},
year = {2010},
volume = {18},
number = {2},
pages = {171--184},
month = {April},
}

@article{lord,
author={Sue Lord and Sebastien Francois Martin Chastin and Lynn McInnes and Linda Little and Pam Briggs and Lynn Rochester},
title = {Exploring patterns of daily physical and sedentary behaviour in community-dwelling older adults},
journal={Age and Ageing},
year={2011},
volume={40},
number={2},
pages={205--210},
month = {January},
}


@article{ryan2006,
author = {Ryan, C. G. and Grant, P. M. and Tigbe, W. W. and Granat, M. H.},
title = {The validity and reliability of a novel activity monitor as a measure of walking}
journal = {British Journal of Sports Medicine},
year = {2006},
volume = {40},
number = {9},
pages = {779-784},
month = {September},
}

@Misc{fitbit,
author = {Fitbit},
title = {Fitbit Homepage},
OPThowpublished = {\url{http://www.fitbit.com/home}},
year = {Accessed Feruary 2013},
}

@inproceedings{Zimmerman,
author = {Zimmerman, John and Forlizzi, Jodi and Evenson, Shelley},
title = {Research through design as a method for interaction design research in HCI},
booktitle = {Proceedings of the SIGCHI Conference on Human Factors in Computing Systems},,
year = {2007},
pages = {493--502},
publisher = {ACM},
} 

@Misc{personalInformatics,
author = {Ian Li},
title = {Personal Informatics},
howpublished = {\url{http://personalinformatics.org/}},
year = {Accessed February 2013},
}

@Misc{chi2010,
author = {Ian Li},
title = {CHI 2010 Workshop: Call for Participation},
howpublished = {\url{http://personalinformatics.org/chi2010/cfp}},,
year = {Accessed February 2013},
}

@Misc{chi2013,
author = {Ian Li},
title = {CHI 2013 Workshop: Call for Participation},
howpublished = {\url{http://personalinformatics.org/chi2013/cfp}},
year = {Accessed February 2013},

}

@article{ryan2010,
author = {Cormac G. Ryan and Heather G. Gray and Mary Newton and Malcolm H. Granat},
title = {The relationship between psychological distress and free-living physical activity in individuals with chronic low back pain},
journal = {Manual Therapy},
year = {2010},
volume = {15},
number = {2},
pages = {185--189},
month = {April},
}

@inproceedings{li2010,
author = {Li, Ian and Dey, Anind and Forlizzi, Jodi},
title = {A stage-based model of personal informatics systems},
booktitle = {Proceedings of the SIGCHI Conference on Human Factors in Computing Systems},
year = {2010},
pages = {557--566},
publisher = {ACM},
}

@TechReport{haagen,
author = {Official Norwegian Reports (NOU) 2011: 11},
title = {Innovation in the Care Services},
institution = {Ministry of Health and Care Services},
year = {2011},
}

@TechReport{carpendale,
author = {Carpendale, M. S. T.},
title = {Considering Visual Variables as a Basis for Information Visualisation},
institution = {University of Calgary},
year = {2003},
}

@TechReport{fysiskAktivitet2009,
author = {Anderssen, Sigmund A. and Hansen, Bjørge H. and Elin Kolle and Jostein Steene-Johannessen and Elisabet Børsheim and Ingar Holme},
title = {Fysisk aktivitet blant voksne og eldre},
institution = {Norwegian Directorate of Health}
year = {2009},
}

@Book{realWorldResearch,
author = {Robson, Colin},
title = {Real World Research},
publisher = {Wiley},
year = {2011},
edition = {Third Edition},
}

@Book{interactionDesign,
author = {Yvonne Rogers and Helen Sharp and Jenny Preece},
title = {Interaction Design: Beyond Human-Computer Interaction},
publisher = {John Wiley & Sons},
year = {2011},
edition = {Third Edition},
}

@Book{experimentInSE,
author = {Claes Wohlin and Per Runeson and Magnus, Ohlsson C. and Anders Wesslén and Björn Regnell and Martin Höst},
title = {Experimentation in Software Engineering},
publisher = {Springer},
year = {2012},
edition = {2012 Edition},
}

@INPROCEEDINGS{shneiderman, 
author = {Shneiderman, B.}, 
title={The eyes have it: a task by data type taxonomy for information visualizations},
booktitle = {Proceedings 1996 IEEE Symposium on Visual Languages}, 
year={1996}, 
pages={336--343},
publisher = {IEEE},
}

@inproceedings{validation,
author = {Harold Thimbleby},
title = {Validity and cross-validity in HCI publications},
booktitle = {Proceedings of the 13th international conference on Interactive systems: Design,specification, and verification},
year = {2007},
pages = {11--24},
publisher = {Springer Berlin Heidelberg},
} 

@Misc{helsedirektoratetFysiskAktivitet,
author = {Norwegian Directorate of Health},
title = {Advice on Physical Activity},
howpublished = {\url{http://helsenorge.no/Helseogsunnhet/Sider/Nasjonale-anbefalinger-for-fysisk-aktivitet/Fysisk-aktivitet.aspx}},
year = {Accessed April 2013},
}

@Misc{farseeing,
author = {FARSEEING},
title = {About Farseeing},
howpublished = {\url{http://farseeingresearch.eu/about-us/}},,
year = {Accessed April 2013},
}

@Misc{wp5,
author = {FARSEEING},
title = {WP5: Telemedical service models},
howpublished = {\url{http://farseeingresearch.eu/about-us/wp5-telemedical-service-models/}},
year = {Accessed April 2013},
}

@Misc{iso9241,
key = {ISO 9241-210:2010},
publisher = {ISO, Geneva, Switzerland},
title = {Human-centered design for interactive systems},
year = {2010},
}

@Article{focusGroup, 
author = {Jakob Nielsen},
title = {The Use and Misuse of Focus Groups}, 
journal = {Software, IEEE}, 
year = {1997}, 
volume = {14}, 
number = {1}, 
pages = {94-95},
month = {January},
}

@Article{prototypesPrototype,
author = {Stephanie Houde and Charles Hill},
title = {What do Prototypes Prototype?},
journal = {Handbook of Human-Computer Interaction},
year = {1997},
volume = {1},
number = {2}
pages = {367--381}
month = {September}
}

@Misc{howFocusGroup,
author = {Duke University},
title = {Guidelines for Conducting a Focus Group},
howpublished = {\url{http://assessment.aas.duke.edu/documents/How_to_Conduct_a_Focus_Group.pdf}},
year = {Accessed April 2013},
}

@Misc{flex,
author = {Fitbit},
title = {Fitbit Flex},
howpublished = {\url{http://www.fitbit.com/flex}},
year = {Accessed February 2013},
}

@Misc{jawboneUp,
author = {Jawbone},
title = {Jawbone Up},
howpublished = {\url{https://jawbone.com/up}},
year = {Accessed June 2013},
}


@Misc{medicalEquipment,
OPTkey = {key},
author = {Ministry of Health Care Services and Ministriy of Justice},
title = {FOR 2005-12-15 nr 1690: Forskrift om medisinsk utstyr},
howpublished = {\url{http://www.lovdata.no/cgi-wift/ldles?doc=/sf/sf/sf-20051215-1690.html},
OPTmonth = {month},
year = {2005},
note = {Accessed May 2013},
OPTannote = {annote},
}

